@inproceedings{chowdhury2012coflow,
	author = "Chowdhury, Mosharaf and Stoica, Ion",
	title = "Coflow: A Networking Abstraction for Cluster Applications",
	booktitle = "ACM Hotnets",
	year = "2012",
}

@inproceedings{chowdhury2014varys,
	author = "Chowdhury, Mosharaf and Zhong, Yuan and Stoica, Ion",
	title = "Efficient Coflow Scheduling with Varys",
	booktitle = "ACM SIGCOMM",
	year = "2014",
}

@inproceedings{chowdhury2015aalo,
	author = "Chowdhury, Mosharaf and Stoica, Ion",
	title = "Efficient Coflow Scheduling Without Prior Knowledge",
	booktitle = "ACM SIGCOMM",
	year = "2015",
}

@misc{website:coflow-repo,
	key = "coflow repository",
	howpublished = "\url{https://github.com/coflow}",
	note = "Accessed: 2015-10-18",
	url = "https://github.com/coflow",
}


	
	